<record><leader>00000cas a22000007a 4500</leader><controlfield tag="001">12483294</controlfield><controlfield tag="008">850903c19769999ksuwr ne      0   a0eng d</controlfield><datafield ind1=" " ind2=" " tag="010"><subfield code="a">sn 85032659 </subfield></datafield><datafield ind1=" " ind2=" " tag="040"><subfield code="a">KSH</subfield><subfield code="b">eng</subfield><subfield code="c">KSH</subfield><subfield code="d">NPT</subfield><subfield code="d">NSD</subfield><subfield code="d">OCLCQ</subfield></datafield><datafield ind1=" " ind2=" " tag="012"><subfield code="m">y</subfield></datafield><datafield ind1="1" ind2=" " tag="022"><subfield code="a">1040-5348</subfield><subfield code="l">1040-5348</subfield><subfield code="y">8750-5320</subfield><subfield code="2">1</subfield></datafield><datafield ind1=" " ind2=" " tag="032"><subfield code="a">386140</subfield><subfield code="b">USPS</subfield></datafield><datafield ind1=" " ind2=" " tag="037"><subfield code="b">News Chronicle Printing Co., Inc., 117 E. 5th St., Scott City, KS 67871</subfield></datafield><datafield ind1=" " ind2=" " tag="042"><subfield code="a">msc</subfield><subfield code="a">nsdp</subfield></datafield><datafield ind1="0" ind2=" " tag="130"><subfield code="a">News chronicle (Scott City, Kan. : 1976)</subfield></datafield><datafield ind1=" " ind2="0" tag="222"><subfield code="a">News chronicle</subfield><subfield code="b">(Scott City, Kan. 1976)</subfield></datafield><datafield ind1="1" ind2="4" tag="245"><subfield code="a">The news chronicle.</subfield></datafield><datafield ind1=" " ind2=" " tag="260"><subfield code="a">Scott City, Kan. :</subfield><subfield code="b">News Chronicle Print. Co.,</subfield><subfield code="c">1976-</subfield></datafield><datafield ind1=" " ind2=" " tag="300"><subfield code="a">v. :</subfield><subfield code="b">ill. ;</subfield><subfield code="c">57 cm.</subfield></datafield><datafield ind1=" " ind2=" " tag="310"><subfield code="a">Weekly,</subfield><subfield code="b">Dec. 27, 1984-</subfield></datafield><datafield ind1=" " ind2=" " tag="321"><subfield code="a">Weekly,</subfield><subfield code="b">July 1, 1976-Oct. 18, 1984</subfield></datafield><datafield ind1=" " ind2=" " tag="321"><subfield code="a">Semiweekly,</subfield><subfield code="b">Oct. 23-Dec. 25, 1984</subfield></datafield><datafield ind1="0" ind2=" " tag="362"><subfield code="a">Vol. 91, no. 16 (July 1, 1976)-</subfield></datafield><datafield ind1=" " ind2=" " tag="500"><subfield code="a">Second masthead appears on front page called: Grassland gazette, Dec. 27, 1984-</subfield></datafield><datafield ind1=" " ind2=" " tag="500"><subfield code="a">Tuesday edition called: Grassland gazette, Oct. 23-Dec. 25, 1984.</subfield></datafield><datafield ind1=" " ind2=" " tag="525"><subfield code="a">Issues for 1978 include supplement called: Grassland gazette.</subfield></datafield><datafield ind1=" " ind2=" " tag="588"><subfield code="a">Latest issue consulted: Vol. 102, no. 23 (Wednesday, Aug. 3, 1988).</subfield></datafield><datafield ind1=" " ind2=" " tag="752"><subfield code="a">United States</subfield><subfield code="b">Kansas</subfield><subfield code="c">Scott</subfield><subfield code="d">Scott City.</subfield></datafield><datafield ind1="0" ind2="0" tag="780"><subfield code="t">Scott City news chronicle</subfield><subfield code="w">(DLC)sn 85032658</subfield></datafield></record>